@article{YourFirstPublication,
  author  = {Author, Named and Person, Helpful},
  journal = {Journal of Applied Magic},
  month   = {1},
  number  = {7},
  pages   = {1234--1256},
  title   = {Fancy title for your first ever scientific publication},
  volume  = {11},
  year    = {2020}
}

@article{YourSecondPublication,
  author  = {Author, Named and Somebody, Helpful},
  journal = {Journal of Applied Fantasy},
  month   = {8},
  number  = {11},
  pages   = {123--456},
  title   = {This is the title of your second peer-reviewed article},
  volume  = {4},
  year    = {2024}
}
